@Article{OS,
	author = {W. Wulf and E. Cohen and W. Corwin, A. Jones and R. Levin and C. Pierson and F. Pollack},
	title = {HYDRA: The Kernel of a Multiprocessor Operating System},
	journal = {Communications of the ACM},
	year = {1979},
	OPTkey = {},
	OPTvolume = {17},
	OPTnumber = {6},
	OPTpages = {},
	OPTmonth = {June},
	OPTnote = {},
	OPTannote = {},
}
 @misc{ Mono,
 	author = "Wikipedia",
 	title = "{Monolithic Kernel --- Wikipedia{,} The Free Encyclopedia}",
 	year = "2014",
 	note = "\url{http://en.wikipedia.org/w/index.php?title=Monolithic_kernel&oldid=634403989} [Online; accessed 27-January-2015]",
 	OPTnote = "[Online; accessed 27-January-2015]"
 }

@TechReport{Vs,
	author = "Dave Powell",
	title = "{Monolithic Kernel vs Microkernel}",
	institution = {TU Wien},
	OPTyear = {year},
	OPTtype = {type},
	OPTnumber = {number},
	OPTaddress = {address},
	OPTmonth = {month},
	OPTnote = {note},
	OPTannote = {annote},
}

@misc{ wiki:micro,
	author = "Wikipedia",
	title = "{Microkernel --- Wikipedia{,} The Free Encyclopedia}",
	year = "2015",
	note =" \url{http://en.wikipedia.org/w/index.php?title=Microkernel&oldid=644447376"} [Online; accessed 29-January-2015]"
}
@Misc{MIT,
	OPTauthor = {author},
	title = "{MIT Exokernel Operating System}",
	OPThowpublished = {howpublished},
	month = {March},
	year = {1998},
	note = " \url{http://pdos.csail.mit.edu/exo/} [Online; accessed 30-January-2015]",
	OPTannote = {annote},
}
@misc{exo,
	author = "OSDev",
	title = "Exokernel",
	month = "December",
	year = "2011",
	note = "\url{http://wiki.osdev.org/Exokernel} [Online; accessed 30-January-2015]"}
