@misc{ wire,
	author = "Wikipedia",
	title = "Wire recording --- Wikipedia{,} The Free Encyclopedia",
	year = "2015",
	note = "\url{http://en.wikipedia.org/w/index.php?title=Wire_recording&oldid=655137830} [Online; accessed 20-April-2015]"
}
@misc{patent,
	title={Method and means of magnetic recording},
	author={Marvin, C.},
	year={1944},
	month=jun # "~13",
	publisher={Google Patents},
	note= "
	\url{http://www.google.com/patents/US2351004} US Patent 2,351,004"
}
@misc{coop,
	author = "Reed, Brad",
	title = "Meet the guy who made the first cellphone call 40 years ago today",
	year = "January 6th, 2000",
	note = "\url{http://www.nytimes.com/2000/01/06/technology/cell-phones-ruin-the-opera-meet-the-culprit.html:pagewanted=all&srs=pm} [Online; accessed 19-April-2015]"
}
@misc{radio,
	title={Radio telephone system},
	author={Cooper, M. and Dronsuth, R.W. and Leitich, A.J. and Lynk, J.C.N. and Mikulski, J.J. and Mitchell, J.F. and Richardson, R.A. and Sangster, J.H.},
	year={1975},
	month=sep # "~16",
	publisher={Google Patents},
	note= "\url{http://www.google.com/patents/US3906166} US Patent 3,906,166"
}

@misc{ wiki:coop,
	author = "Wikipedia",
	title = "Martin Cooper (inventor) --- Wikipedia{,} The Free Encyclopedia",
	year = "2015",
	note = "\url{http://en.wikipedia.org/w/index.php?title=Martin_Cooper_(inventor)&oldid=656874743} [Online; accessed 20-April-2015]"
}



